@STRING{CAAP = "Trees in Algebra and Programming"}
@STRING{CC = "Intl. Conf. Compiler Construction"}
@STRING{ESOP = "ESOP"}
@STRING{FPCA = "FPCA"}
@string{ICFP = "ICFP"}
@STRING{IJCAI = "Intl. Joint Conf. on Artificial Intelligence"}
@string{IWMM = "Intl. Workshop on Memory Management, {IWMM}"}
@STRING{LFP = "Lisp and Functional Programming"}
@string{LOPSTR = "Logic Program Synthesis and Transformation"}
@string{MFPS = "Mathematical Foundations of Programming Semantics"}
@STRING{PEPM = {Partial Evaluation and Semantics-Based Program Manipulation}}
@STRING{PLDI = "PLDI"}
@STRING{PLILP = "Intl. Symp. Programming Languages, Implementations, Logics and Programs"}
@STRING{oldPLILP = "Programming Language Implementation and Logic Programming"}
@STRING{POPL = "{ACM} Symp. POPL"}
@STRING{acmpopl = "{ACM} Symp. POPL"}
@STRING{RTA = "Rewriting Techniques and Applications"}
@STRING{SAC = "Symp. on Applied Computing, {SAC}"}
@STRING{SAS = "Intl. Static Analysis Symposium, {SAS}"}
@STRING{SASShort = "International Static Analysis Symposium"}
@STRING{STACS = "Symp. on Theoretical Aspects of Computer Science"}
@STRING{TACS = "Theoretical Aspects of Computer Software"}
@STRING{WIFPL = "Workshop on the Implementation of Functional Programming Languages"}
@STRING{LICS = "IEEE Symp. on Logic in Computer Science"}

@string{icsi = "The International Computer Science Institute"}

@string{CMU = "Carnegie Mellon University"}
@string{BROWN = "Brown University"}
@string{CORNELL = "Cornell University"}
@string{DECSRC = "Digital Equipment Corporation Systems Research Center"}
@string{DECWRL = "Digital Equipment Corporation Western Research Laboratory"}
@string{MIT = "Massachusetts Institute of Technology"}
@string{NYUCOUR = "Courant Institute of Mathematical Sciences, New York University"}
@string{OGC = "Oregon Graduate Center"}
@string{PARC = "Xerox Palo Alto Research Center"}
@string{PRINCETON = "Princeton University"}
@string{RICE = "Rice University"}
@string{SIAM = "Society for Industrial and Applied Mathematics"}
@string{UCB = "University of California, Berkeley"}
@string{UCSC = "University of California at Santa Cruz"}
@string{BRICS = "Basic Research in Computer Science"}

@string{AW = "Addison-Wesley"}
@string{ACM = "{ACM} Press"}
@STRING{EH = "Ellis Horwood"}
@string{ENH = "Elsevier North-Holland"}
@STRING{ESP = "Elsevier Science Publishers"}
@string{HR = "Harper and Row"}
@string{HRW = "Holt, Reinhart and Winston"}
@STRING{JW = "John Wiley \& Sons"}
@string{LNCS = "LNCS"}
@STRING{MIT = "{MIT} Press"}
@string{MK = "Morgan-Kaufman"}
@string{NH = "North-Holland"}

@String{OUP = {Oxford University Press}}
@string{PH = "Prentice-Hall"}
@string{PP = "Pergamon Press"}
@STRING{SP = "Springer"}
@string{SV = "Springer"}
                
                
@string{acmcs = "Computing Surveys"}
@string{ai = "Artificial Intelligence"}
@string{ainf = "Acta Informatica"}
@string{bstj = "Bell System Technical Journal"}
@string{cacm = "Comm. {ACM}"}
@string{compj = "Computer Journal"}
@string{clang = "Computer Languages"}
@string{csurv = "Computing Surveys"}
@string{eatcs = "Bulletin of the European Association for Theoretical Computer Science"}
@string{ENTCS = "Electronic Notes in Theoretical Computer Science"}
@string{hosc = "Higher-Order and Symbolic Computation"}
@STRING{iandc = "Information and Computation"}
@STRING{ieeec = "{IEEE} Computer"}
@STRING{ieees = "{IEEE} Software"}
@string{ieeese = "{IEEE} Trans. Softw. Eng."}
@STRING{ieeesoft = "{IEEE} Software"}
@STRING{ieeetit = "{IEEE} Transactions on Information Theory"}
@STRING{ieeetc = "{IEEE} Transactions on Computers"}
@string{ijcm  = "Intl. Journal of Computer Mathematics"}
@STRING{infco = "Information and Control"}
@string{IPL = "Information Processing Letters"}
@string{jacm = "J. {ACM}"}
@string{jase = "J. Automated Software Engineering"}
@string{jfp = "J. Funct. Program."}
@string{jflp = "J. Functional and Logic Programming"}
@string{jlap = "J. Log. Algebr. Program."}
@STRING{jlc = "J. Logic and Computation"}
@STRING{jlp = "J. Logic Programming"}
@String{jodl = {J. Digital Libraries}}
@STRING{jpldi = "J. Programming Languages"}
@STRING{jsc = "J. Symbolic Computation"}
@String{jucs = "J. Universal Computer Science"}
@string{lsc = "Lisp and Symbolic Computation"}
@string{lasc = "Lisp and Symbolic Computation"}
@string{loplas = "Letters on Programming Languages and Systems"}
@string{mscs = {Mathematical Structures in Computer Science}}
@string{mst ={Mathematical Systems Theory}}
@string{ngc = "New Generation Computing"}
@STRING{notices = "{SIGPLAN} Notices"}
@string{sigarch = "{SIGARCH} Newsletter"}
@string{sigplan = "{SIGPLAN} Notices"}
@string{scp = "Science of Computer Programming"}
@string{spe = "Software---Practice {\&} Experience"}
@string{tapos = "Theory and Practice of Object Systems"}
@STRING{tcj = "The Computer Journal"}
@string{tcs = "Theoretical Computer Science"}
@String{tissec = {{ACM} Trans. Information and Systems Security}}
@string{tocs = "{ACM} Trans. Computer Systems"}
@string{tocl = {{ACM} Trans. Computational Logic}}
@string{todas = {{ACM} Trans. Database Syst.}}
@string{tois = {{ACM} Trans. Information Systems}}
@string{toit = {{ACM} TOIT}}
@string{tochi = {{ACM} Trans. Computer-Human Interaction}}
@string{toplas = "{ACM} TOPLAS"}
@String{tosem = "{ACM} Trans. Software Eng. and Meth."}
@STRING{WSI = "Berichte des Wilhelm-Schickard-Instituts"}
@String{foolwood = {FOOL/WOOD, \textrm{informal proceedings}}}
@String{fool = {FOOL, \textrm{informal proceedings}}}
@STRING{ftfjp = {FTfJP, \textrm{informal proceedings}}}
@STRING{PODC = {PODC}}
@string{oopsla-full-title = "OOPSLA"}
@string{ecoop-full-title = "ECOOP"}
@string{aosd-full-title = "AOSD"}
@string{jccs = "Journal of Computer and System Sciences"}

@string{acmsigconf = " ACM Conf. "}
@string{acmsigsymp = " ACM Symp. "}
@string{acmsigwork = " ACM Workshop "}
@STRING{ieee = "{IEEE} Computer Society Press"}
@STRING{ig = "(in german)"}
@string{proclong = "Proc. "}
@STRING{proc = "Proc.~"}
@STRING{conf = "Conf.~"}
@STRING{symp = "Symp.~"}
@STRING{work = "Workshop "}

@STRING{WDSL =  "Workshop on DSL"}
@STRING{PPPJ = "{PPPJ}"}
@STRING{GPCE = "{GPCE}"}
@STRING{ICSE = "ICSE"}
@STRING{APLAS = "{APLAS}"}
