@Book{AbadiCardelli1996,
  author =	 {Mart\'{\i}n Abadi and Luca Cardelli},
  title = 	 {A Theory of Objects},
  publisher = 	 SP,
  year = 	 1996
}

@BOOK{AbelsonSussman1985,
        author  = "Harold Abelson and Gerald Jay Sussman",
        title   = "Structure and Interpretation of Computer Programs",
        address = "Cambridge, Mass.",
        publisher="MIT Press",
        year    = 1985
} 

@BOOK{AbelsonSussmanSussman1985,
  author =      {Harold Abelson
                and Gerald Jay Sussman
                and Julie Sussman},
  title =       {Structure and Interpretation of Computer Programs},
  year =        1985,
  publisher =   {MIT Press},
  address =     {Cambridge, Mass.},
  keywords =    {siocp}
}

@Book{AbelsonSussmanSussman1996,
  author = 	 {Harold Abelson
                and Gerald Jay Sussman
                and Julie Sussman},
  title = 	 {Structure and Interpretation of Computer Programs},
  publisher = 	 {MIT Press},
  year = 	 1996,
  address =	 {Cambridge, Mass.},
  edition =	 "second",
  language =     "USenglish"
}

@BOOK{AbramskyGabbayMaibaum1992,
        oldkey = "handbookoflics",
  editor =       "Samson Abramsky and Dov M. Gabbay and Tim S. E. Maibaum",
  title =        "Handbook of Logic in Computer Science",
  booktitle =    "Handbook of Logic in Computer Science",
  publisher =    "Oxford Science Publications",
  year =         1992
}

@BOOK{AbramskyHankin1987,
        AUTHOR = {Samson Abramsky and Chris Hankin},
        TITLE = {Abstract Interpretation of Declarative Languages},
        BOOKTITLE = {Abstract Interpretation of Declarative Languages},
        PUBLISHER = EH,
        YEAR = 1987
}

@BOOK{Adobe1985,
  oldkey = "RedBook1985",
  author =       "Adobe Systems Inc.",
  title =        "{PostScript} Language Reference Manual",
  publisher =    AW,
  year =         1985
}

@BOOK{AhoHopcroftUllman1983,
        oldkey = "AHU:data",
        AUTHOR = "Alfred V. Aho and John E. Hopcroft and Jeffrey D. Ullman",
        TITLE = "Data Structures and Algorithms",
        PUBLISHER = "Addison-Wesley",
        YEAR = "1983"
}

@Book{AhoLamSetiUllman2007,
  author = {{Alfred V. Aho} and {Monica S. Lam} and {Ravi Sethi} and {Jeffrey D. Ullman}},
  title = {Compilers. Principles, Techniques, and Tools},
  publisher = {Addison-Wesley},
  year = 2007
}

@BOOK{AhoSethiUllman1986,
        author  = "Alfred V. Aho and Ravi Sethi and Jeffrey D. Ullman",
        title   = "Compilers Principles, Techniques, and Tools",
        publisher = "Addison-Wesley",
        year    = 1986}

@BOOK{AitKaci1991 ,
        AUTHOR       = {A{\"\i}t-Kaci, Hassan} ,
        TITLE        = {{Warren's abstract machine : a tutorial reconstruction
}} ,
        YEAR         = {1991} ,
        PUBLISHER    = {MIT Pr., Cambridge, Mass.} ,
        SERIES       = {Logic programming} ,
        ISBN         = {0-262-01123-9} ,
        POINTER      = {Bib.d.Info. F.4.1},
        ENTRY        = {es}
}

@BOOK{AitKaciNivat1989,
        EDITOR = {Hassan A{\"\i}t-Kaci and Maurice Nivat},
        TITLE = {Rewriting Techniques},
        BOOKTITLE = {Rewriting Techniques},
        PUBLISHER = {Academic Press},
        YEAR = 1989,
        VOLUME = {II},
        SERIES = {Resolution of Equations in Algebraic Structures},
        ADDRESS = {New York}
}

@BOOK{Allen1978,
        AUTHOR = {John Allen},
        TITLE = {Anatomy of Lisp},
        PUBLISHER = {McGraw-Hill},
        YEAR = 1978
}

@Book{AmtoftNielsonNielson1999,
  author =       "Torben Amtoft and Flemming Nielson and Hanne Riis Nielson",
  title =        "Type and Effect Systems: Behaviours for
                 Concurrency",
  publisher =    "Imperial College Press",
  year =         1999,
}

@BOOK{Andrews1991,
  author =       "G. Andrews",
  title =        "Concurrent Programming: Principles and Practice",
  publisher =    "Benjamin Cummings",
  year =         1991,
  address =      "Menlo Park, CA"
}

@BOOK{Appel1992,
        AUTHOR = {Andrew W. Appel},
        TITLE = {Compiling with Continuations},
        PUBLISHER = {Cambridge University Press},
        YEAR = 1992
}

@Book{Appel1998,
  author =	 {Andrew W. Appel},
  title = 	 {Modern Compiler Implementation in {ML}},
  publisher = 	 {Cambridge University Press},
  year = 	 1998,
  isbn = 	 {0-521-58274-1}
}

@Book{Armstrong2007,
  author =	 {Joe Armstrong},
  title = 	 {Programming Erlang: Software for a Concurrent World},
  publisher = 	 {The Pragmatic Programmers, LLC},
  year = 	 2007,
  URL = 	 {http://www.pragprog.com/titles/jaerlang/index.html},
  ISBN = 	 {978-1-9343560-0-5},
  KEYWORDS = {application, concurrency, language},
}

@BOOK{ArmstrongVirdingWilliams1993,
        AUTHOR = {Joe Armstrong and Robert Virding and Mike Williams},
        TITLE = {Concurrent Programming in {Erlang}},
        PUBLISHER = {Prentice Hall},
        YEAR = 1993,
        ADDRESS = {NY},
        ISBN = {0-13-285792-8},
        KEYWORDS = {application, concurrency, language}
}

@Book{ArnoldScheiflerWaldoWollrathOSullivan1999,
  author =	 {Ken Arnold and Robert W. Scheifler and Jim Waldo and Ann Wollrath and Bryan O'Sullivan},
  title = 	 {The {Jini(TM)} Specification},
  publisher = 	 AW,
  year = 	 1999
}

@book{AusielloProtasiMarchettiSpaccamelaGambosiCrescenziKann1999,
 author = {Giorgio Ausiello and Pierluigi Crescenzi and Giorgio Gambosi and Viggo Kann and Alberto Marchetti-Spaccamela and Marco Protasi},
 title = {Complexity and Approximation: Combinatorial Optimization Problems and Their Approximability Properties},
 year = {1999},
 isbn = {3540654313},
 publisher = {Springer-Verlag New York, Inc.},
 address = {Secaucus, NJ, USA}
}

@proceedings{BaaderEtAl2003,
  editor    = {Franz Baader and
               Diego Calvanese and
               Deborah L. McGuinness and
               Daniele Nardi and
               Peter F. Patel-Schneider},
  title     = {The Description Logic Handbook: Theory, Implementation, and Applications},
  booktitle = {Description Logic Handbook},
  publisher = {Cambridge University Press},
  year      = {2003},
  isbn      = {0-521-78176-0},
  bibsource = {DBLP, http://dblp.uni-trier.de}
}

@Book{BaaderNipkow1998,
  author =	 {Franz Baader and Tobias Nipkow},
  title = 	 {Term Rewriting and All That},
  publisher = 	 {Cambridge University Press},
  year = 	 1998
}

@Book{BaccelliCohenOlsderQuadrat1992,
  author	= {François Baccelli and Guy Cohen and Geert Jan Olsder and Jean-Pierre Quadrat},
  title		= {{Synchronization and Linearity, An Algebra for Discrete Event Systems}},
  publisher	= {John Wiley and Sons},
  year		= {1992}
}

@BOOK{Bal1990,
  author =       "Henry Bal",
  title =        "Programming Distributed Systems",
  publisher =    PH,
  year =         1990
}

@BOOK{Barendregt1984,
        AUTHOR = {Hendrik P. Barendregt},
        TITLE = {The Lambda Calculus --- Its Syntax and Semantics},
        PUBLISHER = {North-Holland},
        YEAR = 1984
}

@book{BarronBarron2000,
 author = {David W. Barron},
 title = {The World of Scripting Languages},
 year = 2000,
 isbn = 0471998869,
 publisher = {John Wiley \& Sons, Inc.},
}

@BOOK{Barwise1977,
  editor =       "Jon Barwise",
  title =        "Handbook of Mathematical Logic",
  booktitle =    "Handbook of Mathematical Logic",
  publisher =    "North-Holland",
  year =         1977
}

@Book{BassDewan1993,
  editor =	 {L. Bass and P. Dewan},
  title = 	 {User Interface Software},
  booktitle = 	 {User Interface Software},
  publisher = 	 {John Wiley {\&} Sons Ltd},
  year = 	 1993,
  volume =	 1,
  series =	 {Trends in Software}
}

@BOOK{Bauer-etal1985,
        AUTHOR = {F. L. Bauer and R. Berghammer and M. Broy and W. Dosch and F.
 Geiselbrechtinger and R. Gantz and E. Hangel and W. Hesse and B. {Krieg-Br{\"u}ckner} and A. Laut and T. Matzner and B. M{\"o}ller and F. Nickl and H. Partsch and P.
 Pepper and K. Semelson and M. Wirsing and H. W{\"o}ssner},
        TITLE = {The Munich Project {CIP}. Vol. 1: The Wide Spectrum Language {CIP-L}},
        PUBLISHER = SP,
        YEAR = 1985,
        ADDRESS = {Berlin},
        SERIES       = lncs ,
        NUMBER       = 183 ,
}

@BOOK{Bauer1987 ,
        AUTHOR       = {Bauer, Friedrich L.} ,
        TITLE        = {The Munich Project {CIP}} ,
        YEAR         = {1987} ,
        PUBLISHER    = SP,
        SERIES       = lncs ,
        VOLUME       = {2: The Program Transformation System {CIP-S}} ,
        ISBN         = {3-540-18779-0} ,
        POINTER      = {Bib.d.Info. I.2.2},
        ENTRY        = {es}
}

@BOOK{BauerWoessner1982,
        AUTHOR = {Friedrich L. Bauer and Hans {W{\"o}{\ss}{}ner}},
        TITLE ={Algorithmic Language and Program Development},
        PUBLISHER =SP,
        YEAR ={1982}
}

@BOOK{BauerWoessner1984,
        AUTHOR = {Friedrich L. Bauer and Hans {W{\"o}{\ss}{}ner}},
        TITLE ={Algorithmische Sprache und Programmentwicklung},
        PUBLISHER =SP,
        YEAR ={1984}
}

@Book{Beck1996,
  author =	 {Kent Beck},
  title = 	 {Smalltalk Best Practice Patterns},
  publisher = 	 {Prentice Halls},
  year = 	 1996
}

@Book{Beck2003,
  author = {Kent Beck},
  title = {Test-Driven Development},
  publisher = {Addison-Wesley},
  year = 2003
}

@Book{BeckAndres2004,
  author = {Kent Beck and Cynthia Andres},
  title = {Extreme programming explained: embrace change},
  year = 2004,
  publisher = {Addison-Wesley},
  edition = {2nd}
}

@BOOK{Beizer1983,
        author  = "B. Beizer",
        title   = "Software Testing Techniques",
        addres  = "New York",
        publisher="Von Nostrand Reinhold",
        year    = 1983
}

@book{Beizer1990,
 author = {Beizer, Boris},
 title = {Software Testing Techniques},
 year = 1990,
 isbn = 0442245920,
 publisher = {John Wiley \& Sons, Inc.},
 address = {New York, NY, USA},
}

@BOOK{BellClearyWitten1990,
        AUTHOR = {Bell, Timothy C. and Cleary, J.G. and Witten, Ian H. },
        TITLE = {Text Compression},
        PUBLISHER = {Prentice Hall},
        YEAR = 1990,
        ADDRESS = {Englewood Cliffs, NJ}
}

@BOOK{Ben-Ari1990,
 author = {M. Ben-Ari},
 title = {Principles of concurrent and distributed programming},
 year = 1990,
 isbn = {0-13-711821-X},
 publisher = {Prentice-Hall, Inc.},
 address = {Upper Saddle River, NJ, USA},
 }

@Book{BennedsenCaspersenKoelling1998,
  editor =	 {Jens Bennedsen and Michael E. Caspersen and Michael K{\"o}lling},
  title = 	 {Reflections on the Teaching of Programming},
  publisher = 	 SP,
  year = 	 1998,
  volume =	 4821,
  series =	 LNCS
}


@BOOK{BergstraHeeringKlint1989,
        EDITOR = "J. A. Bergstra and J. Heering and P. Klint",
        TITLE = "Algebraic specification",
        PUBLISHER = "ACM Press",
        YEAR = "1989",
        SERIES = "ACM Press frontier series",
        ADDRESS = "New York",
        NOTE = "ACM order {\#} 704890"
}

@Book{Berners-Lee1995,
  author =	 {Tim Berners-Lee},
  title = 	 {Hypertext transfer protocol (HTTP/1.0)},
  publisher = 	 {Working Group of the Internet Engineering Task Force},
  year = 	 1995,
  month =	 oct
}

@Book{Berners-LeeConnolly1995,
  author =	 {Tim Berners-Lee and D. Connolly},
  title = 	 {Hypertext markup language (HTML 2.0)},
  publisher = 	 {Working Group of the Internet Engineering Task Force},
  year = 	 1995,
  month =	 oct
}

@Book{BernsteinNewcomer1997,
  author =	 {Philip A. Bernstein and Eric Newcomer},
  title = 	 {Principles of Transaction Processing},
  publisher = 	 {Morgan Kaufmann Publishers, Inc},
  year = 	 1997
}

@Book{BertotCasteran2004,
  author = 	 {Bertot, Yves and Cast\'{e}ran, Pierre},
  title = 	 {Interactive Theorem Proving and Program Development.
Coq'Art: The Calculus of Inductive Constructions},
  publisher = 	 SP,
  year = 	 2004,
  ISBN = 	 {978-3-642-05880-6}}

@BOOK{BirdWadler1988,
        AUTHOR = "Richard S. Bird and Philip Wadler",
        TITLE = "Introduction to Functional Programming",
        PUBLISHER = PH,
        YEAR = "1988",
        ADDRESS = "Englewood Cliffs, NJ"
}

@BOOK{Blelloch1990,
        AUTHOR = {Guy E. Blelloch},
        TITLE = {Vector Models for Data-Parallel Computing},
        PUBLISHER = MIT,
        YEAR = 1990,
        KEYWORDS = {nesl parallel}
}


@Book{Bloch2001,
  author =       "Joshua Bloch",
  title =        "Effective Java",
  publisher =    "Prentice Hall",
  year =          2001,
  edition =       {1st}
}

@BOOK{Brauer1984,
        AUTHOR = {Wilfried Brauer},
        TITLE = {Automatentheorie},
        PUBLISHER = {Teubner},
        YEAR = 1984,
        ADDRESS = {Stuttgart}
}

@Book{Brinch-Hansen1973,
  author =	 {Per Brinch-Hansen},
  title = 	 {Operating System Principles},
  publisher = 	 {Prentice-Hall},
  year = 	 1973,
  address =	 {Englewood Cliffs, NJ},
  keywords = 	{monitor, condition variable},
}

@BOOK{Brooks1975,
        author  = "Frederick P. Brooks, Jr.",
        title   = "The Mythical Man-Month",
        publisher="Addison-Wesley",
        address = "Reading, Mass.",
        year    = 1975
}

@Book{Brooks1995,
  author =	 {Frederick P. Brooks},
  title = 	 {The Mythical Man-Month, Anniversary Edition: Essays on Software Engineering},
  publisher = 	 AW,
  year = 	 1995,
  edition =	 {2nd},
  month =	 jul,
  language =     "USenglish"
}

@Book{BrownMalveauMcCormickMowbray1998,
  author =	 {W. Brown and R. Malveau and H. McCormick and T. Mowbray},
  title = 	 {{AntiPatterns}: Refactoring Software, Architectures, and Projects in Crisis},
  publisher = 	 {John Wiley and Sons},
  year = 	 1998
}

@BOOK{BroyJones1990,
        EDITOR = {Manfred Broy and Cliff B. Jones},
        TITLE = {Programming Concepts and Methods},
        PUBLISHER = {North Holland},
        YEAR = 1990
}

@Book{BroySitouHoare2009,
  editor = {Manfred Broy and Wassiou Sitou and Tony Hoare},
  title = {Engineering Methods and Tools for Software Safety and Security},
  series = {{NATO} Science for Peace and Security Series - {D}: Information and Communication Security},
  volume = 22,
  publisher = {{IOS Press BV}},
  year = 2009,
  month = mar
}

@Book{BurrisSankappanavar1999,
  author =      {Stanley Burris and H.P. Sankappanavar},
  title =       {A Course in Universal Algebra},
  year =        {1999},
  edition =     {Millennium edition},
  note =        {revised edition available at \url{http://www.math.uwaterloo.ca/~snburris/htdocs/ualg.html}. Original printing: Graduate Texts in Mathematics. Springer Verlag, 1981}
}

@BOOK{CerfCain1983,
  author =       "V. G. Cerf and E. Cain",
  title =        "The {DoD} {Internet} Architecture Model",
  publisher =    ENH,
  year =         1983,
  address =      "Amsterdam, Netherlands"
}

@BOOK{Chapman1987,
        AUTHOR = {Nigel P. Chapman},
        TITLE = {{LR} parsing: theory and practice},
        PUBLISHER = {Cambridge University Press, Cambridge, UK},
        YEAR = 1987
}

@BOOK{Church1941,
        AUTHOR = {Alonzo Church},
        TITLE = {The Calculi of Lambda-Conversion},
        PUBLISHER = {Princeton University Press},
        YEAR = 1941,
        VOLUME = {6},
        SERIES = {Annals of Mathematical Studies},
        NOTE = {Kraus Reprint, 1971}
}

@BOOK{ClackMyersPoon1993,
  author =       "Chris Clack and Colin Myers and Ellen Poon",
  title =        "Programming With Standard {ML}",
  publisher =    PH,
  year =         1993
}

@BOOK{ClocksinMellish1981,
        AUTHOR = {W. F. Clocksin and C. S. Mellish},
        TITLE = {Programming in PROLOG},
        PUBLISHER = SP,
        YEAR = {1981}
}

@BOOK{Cole1989,
        AUTHOR = {Murray I. Cole},
        TITLE = {Algorithmic Skeletons: Structured Management of Parallel Computation},
        PUBLISHER = {Pitman/MIT},
        YEAR = 1989,
        KEYWORDS = {parallel},
        annote = {coined the term skeleton},
}

@Book{Constable1986,
  author =	 {Robert L. Constable and others},
  title = 	 {Implementing Mathematics with the Nuprl Development System},
  publisher = 	 {Prentice-Hall International},
  year = 	 1986
}

@Book{Conway1971,
  author =	 {John H. Conway},
  title = 	 {Regular Algebra and Finite Machines},
  publisher = 	 {Chapman and Hall},
  year = 	 1971
}
		
@Book{CousineauMauny1998,
  author =	 {Guy Cousineau and Michel Mauny},
  title = 	 {The Functional Approach to Programming},
  publisher = 	 {Cambridge University Press},
  year = 	 1998,
  ISBN =         "0-521-57681-4"
}

@Book{Crockford2008,
  author =	 {Douglas Crockford},
  title = 	 {{JavaScript}: The Good Parts},
  publisher = 	 {O'Reilly Media},
  year = 	 2008,
  note =	 {170 pages},
  ISBN_10 = 0596517742,
  ISBN_13 = {978-0596517748},
  isbn = {}
}

@BOOK{CurryFeysCraig1958,
        AUTHOR = {Haskell Curry and Robert Feys},
        TITLE = {Combinatory Logic},
        PUBLISHER = {North Holland},
        YEAR = 1958,
        VOLUME = {I}
}

@BOOK{CurryHindleySeldin1972,
        AUTHOR = {H. B. Curry and J. R. Hindley and J. P. Seldin},
        TITLE = {Combinatory Logic},
        PUBLISHER = {North Holland},
        YEAR = 1972,
        VOLUME = {II},
        language = "english"
}

@Book{Czyperski1998,
  author =	 {Clemens Czyperski},
  title = 	 {Component Software, Beyond Object-Oriented Programming},
  publisher = 	 {Addison-Wesley},
  year = 	 1998
}

@BOOK{DahlMyrhaugNygaard1984,
        AUTHOR = {O.-J. Dahl and B. Myrhaug and K. Nygaard},
        TITLE = {SIMULA 67 Common Base Language},
        PUBLISHER = {Norwegian Computing Center},
        YEAR = {1970},
        ADDRESS = {Oslo},
        NOTE = {Revised version 1984}
}

@BOOK{DarlingtonHendersonTurner1982,
        AUTHOR = {John Darlington and Peter Henderson and David Turner},
        TITLE = {Functional Programming and Its Applications},
        PUBLISHER = {Cambridge University Press},
        YEAR = 1982
}

@BOOK{Date1986,
        AUTHOR = {C. J. Date},
        TITLE = {An Introduction to Database Systems},
        PUBLISHER = {Addison-Wesley},
        YEAR = {1986},
        VOLUME = {I},
        EDITION = {fourth}
}

@BOOK{DaveyPriestley1990,
  author =       "B. A. Davey and H. A. Priestley",
  title =        "Introduction to Lattices and Order",
  publisher =    "Cambridge University Press",
  year =         1990
}

@BOOK{Davie1992,
        AUTHOR = {Anthony J. T. Davie},
        TITLE = {An Introduction to Functional Programming Systems Using {Haskell}},
        PUBLISHER = {Cambridge University Press},
        YEAR = 1992
}

@Book{DeMarco1995,
  author = {Tom DeMarco},
  title = {Why Does Software Cost So Much?},
  year = 1995,
  publisher = {Dorset House Publishing}
}

@Book{Dill1989,
  author =       "David L. Dill",
  title =        "Trace Theory for Automatic Hierarchical Verification
                 of Speed-Independent Circuits",
  publisher =    "MIT Press, Cambridge, MA, USA",
  series =       "ACM Distinguished Dissertations",
  year =         1989,
}

@BOOK{Dupre1995,
  author =       "Lynn Dupr{\'e}",
  title =        "Bugs in Writing",
  publisher =    AW,
  year =         1995,
  isbn =         "0-201-60019-6"
}

@BOOK{Dybvig1996,
  author =       "R. Kent Dybvig",
  title =        "The {Scheme} Programming Language",
  publisher =    PH,
  year =         1996,
  edition = {2nd},
  ISBN =         "0-13-454646-6"
}

@BOOK{EhrigMahr1985,
        AUTHOR = "Hartmut Ehrig and Bernd Mahr",
        TITLE = "Equations and Initial Semantics",
        PUBLISHER = SP,
        YEAR = "1985",
        VOLUME = "1",
        SERIES = "Fundamentals of Algebraic Specification",
        EDITION = "{EATCS} Monographs on Theoretical Computer Science"
}

@BOOK{EhrigMahr1990,
        AUTHOR = "Hartmut Ehrig and Bernd Mahr",
        TITLE = "Module Specifications and Constraints",
        PUBLISHER = SP,
        YEAR = "1990",
        VOLUME = "2",
        SERIES = "Fundamentals of Algebraic Specification",
        EDITION = "EATCS Monographs on Theoretical Computer Science"
}

@BOOK{Eilenberg1974,
        AUTHOR = {Samuel Eilenberg},
        TITLE = {Automata, Languages, and Machines},
        PUBLISHER = {Academic Press},
        YEAR = 1974,
        VOLUME = {A},
        ADDRESS = {New York, London}
}

@BOOK{Eisenberg1988,
  author =      {Michael Eisenberg},
  title =       {Programming in Scheme},
  year =        1988,
  editor =      {Harold Abelson},
  publisher =   {The Scientific Press},
  address =     {Redwood City, CA}
}

@Book{EiseneckerCzarnecki2000,
  author =	 {Ulrich Eisenecker and Krysztof Czarnecki},
  title = 	 {Generative Programming: Methods, Tools, and Applications},
  publisher = 	 aw,
  year = 	 2000,
  isbn = 	 0201309777
}

@BOOK{Elson1973,
        AUTHOR = {Mark Elson},
        TITLE = {Concepts of Programming Languages},
        PUBLISHER = {SRA Inc},
        YEAR = 1973,
        ADDRESS = {Palo Alto, CA}
}

@Book{FelleisenFindlerFlatt2009,
  author =	 {Matthias Felleisen and Robert Bruce Findler and Matthew Flatt},
  title = 	 {Semantics Engineering with {PLT Redex}},
  publisher = 	 {MIT Press},
  year = 	 2009
}

@Book{FelleisenFindlerFlattKrishnamurthi2001,
  author =	 {Matthias Felleisen and Robert Bruce Findler and Matthew Flatt and Shriram Krishnamurthi},
  title = 	 {How to Design Programs},
  publisher = 	 {MIT Press},
  year = 	 2001
}

@Book{FelleisenFriedman1996,
  author =	 {Matthias Felleisen and Daniel P. Friedman},
  title = 	 {The Little {Schemer}},
  publisher = 	 {MIT Press},
  year = 	 1996
}

@Book{FelleisenFriedman1998,
  author =	 {Matthias Felleisen and Daniel P. Friedman},
  title = 	 {A Little {Java}, a Few Patterns},
  publisher = 	 {MIT Press},
  year = 	 1998
}

@BOOK{FieldHarrison1988,
        AUTHOR = "Anthony J. Field and Peter G. Harrison",
        TITLE = "Functional Programming",
        PUBLISHER = AW,
        YEAR = "1988"
}

@BOOK{FischerLeBlanc1988,
        AUTHOR = {Charles N. Fischer and Richard J. LeBlanc},
        TITLE = {Crafting a Compiler},
        PUBLISHER = {Benjamin/Cummings},
        YEAR = {1988}
}

@Book{FoleyVanDamSteinerHughes1996,
  author =	 {James D. Foley and Andries van Dam and Steven K. Feiner and John F. Hughes},
  title = 	 {Computer Graphics: Principles and Practice in C},
  publisher = 	 AW,
  year = 	 1996,
  edition =	 {second}
}

@book{Foster1995,
 author = {Ian Foster},
 title = {Designing and Building Parallel Programs: Concepts and Tools for Parallel Software Engineering},
 year = 1995,
 isbn = 0201575949,
 publisher = {Addison-Wesley Longman Publishing Co., Inc.},
 address = {Boston, MA, USA},
 }

@Book{FowlerBeckBrantOpdykeRoberts1999,
  author =	 {Martin Fowler and Kent Beck and John Brant and William Opdyke and Don Roberts},
  title = 	 {Refactoring: Improving the Design of Existing Code},
  publisher = 	 AW,
  year = 	 1999,
  isbn = 	0201485672,
  obsoleteisbn = {0-201-89542-0}
}

@Book{FraserHanson1995,
  author = 	 "Christopher W. Fraser and David R. Hanson",
  title = 	 "A Retargetable {C} Compiler: Design and Implementation",
  publisher = 	 "Benjamin/Cummings",
  year = 	 1995,
  isbn =	 0805316701
}

@Book{FreemanHupferArnold1999,
  author =	 {Eric Freeman and Susanne Hupfer and Ken Arnold},
  title = 	 {{JavaSpaces(TM)} Principles, Patterns and Practice},
  publisher = 	 AW,
  year = 	 1999
}

@book{FriedmanWand2008,
 author = {Daniel P. Friedman and Mitchell Wand},
 title = {Essentials of Programming Languages},
 year = 2008,
 isbn = {0262062798, 9780262062794},
 publisher = 	 {MIT Press and McGraw-Hill},
edition =	 {3rd}
 }

@BOOK{FriedmanWandHaynes1992,
  author =       "Daniel P. Friedman and Mitchell Wand and Christopher
  T. Haynes",
  title =        "Essentials of Programming Languages",
  publisher =    "MIT Press and McGraw-Hill",
  year =         1992,
  annote =       "EOPL",
  language =     "USenglish",
        ISBN = {MIT 0-262-06145-7, McGraw-Hill 0-07-022443-9}
}

@Book{FriedmanWandHaynes2001,
  author =	 {Daniel P. Friedman and Mitchell Wand and Christopher
  T. Haynes},
  title = 	 {Essentials of Programming Languages},
  publisher = 	 {MIT Press and McGraw-Hill},
  year = 	 2001,
  edition =	 {2nd},
  language =     "USenglish"
}

@BOOK{GabbayHoggerRobinson1994,
        oldkey = "LAILP",
        EDITOR = {D. M. Gabbay and C. J. Hogger and J. A. Robinson},
        TITLE = {Handbook of Logic in Artificial Intelligence and Logic Programming},
        bookTITLE = {Handbook of Logic in Artificial Intelligence and Logic Programming},
        PUBLISHER = {Oxford University Press},
        YEAR = 1994
}

@BOOK{Gabriel1985,
  author =       "Richard P. Gabriel",
  title =        "Performance and Evaluation of Lisp Systems",
  publisher =    "MIT Press",
  year =         1985,
  address =      "Cambridge, MA"
}

@Book{Gallier1986,
  author =	 {Jean H. Gallier},
  title = 	 {Logic for Computer Science: Foundations of Automatic Theorem Proving},
  publisher = 	 {Harper \& Row},
  year = 	 1986,
  series =	 {Harper \& Row Computer Science and Technology Series}
}

@Book{GammaHelmJohnsonVlissides1995,
  author =	 {Erich Gamma and Richard Helm and Ralph Johnson and John Vlissides},
  title = 	 {Design Patterns: Elements of Reusable
                  Object-Oriented Software},
  publisher = 	 AW,
  year = 	 1995
}

@book{GareyJohnson1990,
 author = {Michael R. Garey and David S. Johnson},
 title = {Computers and Intractability; A Guide to the Theory of NP-Completeness},
 year = {1990},
 isbn = {0716710455},
 publisher = {W. H. Freeman \& Co.},
 address = {New York, NY, USA}
}

@BOOK{GecsegSteinby1984,
        AUTHOR = {Ferenc G{\'e}cseg and Magnus Steinby},
        TITLE = {Tree Automata},
        PUBLISHER = {Akademiai Kiado},
        YEAR = {1984},
        ADDRESS = {Budapest}
}

@BOOK{GhezziJazayeri1987,
        oldkey = "PLconcepts",
        AUTHOR = {C. Ghezzi and M. Jazayeri},
        TITLE = {Programming Language Concepts},
        PUBLISHER = {John Wiley and Sons},
        YEAR = {1987}
}

@BOOK{GirardTaylorLafont1989,
  author =       "Jean-Yves Girard and Paul Taylor and Yves Lafont",
  title =        "Proofs and Types",
  publisher =    "Cambridge University Press",
  year =         1989
}

@BOOK{GlaserHankinTill1984,
        AUTHOR = {P. Glaser and C. Hankin and D. Till},
        TITLE = {Principles of Functional Programming},
        PUBLISHER = PH,
        YEAR = 1984
}

@BOOK{Gloger1993,
        AUTHOR = {Michael Gloger},
        TITLE = {Implementierung funktionaler {P}rogrammiersprachen},
        PUBLISHER = {Deutscher Universit{\"a}ts Verlag},
        YEAR = 1993,
        ADDRESS = {Wiesbaden},
        ISBN = {ISBN 3-8244-2037-6}
}

@BOOK{GoldbergRobson1983,
        oldkey = "Smalltalk80",
        AUTHOR = {Adele Goldberg and David Robson},
        TITLE = {Smalltalk-80: The Language and Its Implementation},
        PUBLISHER = {Addison-Wesley},
        YEAR = {1983}
}

@BOOK{GoldbergRobson1989,
  author = {Adele Goldberg and David Robson},
  year = 1989,
  title = {Smalltalk 80: The Language},
  publisher = {Addison-Wesley},
}

@BOOK{Goos1996,
  author =       "Gerhard Goos",
  title =        "Vorlesungen {\"u}ber Informatik",
  publisher =    SP,
  year =         1996,
  volume =       "1: Grundlagen und funktionales Programmieren"
}

@BOOK{GoossensMittelbachSamarin1994,
  author =       "Michel Goossens and Frank Mittelbach and Alexander Samarin",
  title =        "The {\LaTeX} Companion",
  publisher =    AW,
  year =         1994,
  isbn =         "0-201-54199-8"
}

@BOOK{Gordon1994,
  author =       "Andrew D. Gordon",
  title =        "Functional Programming and Input/Output",
  publisher =    "Cambridge University Press",
  year =         1994
}

@BOOK{GordonMilnerWadsworth1979,
        AUTHOR = "Michael Gordon and Robin Milner and Christopher Wadsworth",
        TITLE = "Edinburgh LCF",
        PUBLISHER = SP,
        YEAR = "1979",
        VOLUME = "78",
        SERIES = LNCS,
        KEYWORDS = {application, theorem proving}
}

@Book{GoslingArnold1996,
  author =	 {J. Gosling and K. Arnold},
  title = 	 {The {Java} Programming Language},
  publisher = 	 AW,
  year = 	 1996
}

@Book{GoslingJoySteele2005,
  author =	 {James Gosling and Bill Joy and Guy Steele and Gilad Bracha},
  title = 	 {The {Java} Language Specification},
  publisher = 	 {Addison-Wesley},
  year = 	 2005,
  edition =	 {3rd},
  silent_month =	 jun,
  isbn = {0321246780},
}

@Book{GoslingJoySteeleBracha2000,
  author =	 {James Gosling and Bill Joy and Guy Steele and Gilad Bracha},
  title = 	 {The {Java} Language Specification},
  publisher = 	 {Addison-Wesley},
  year = 	 2000,
  edition =	 {2nd}
}

@BOOK{GreenKnuth1983,
        author  = "Daniel H. Green and Donald E. Knuth",
        title   = "Mathematics for the analysis of Algorithms",
        publisher = "Birkhauser",
        address = "Boston, Mass.",
        year    = 1983
}

@BOOK{Gries1981,
        AUTHOR = {David Gries},
        TITLE = {The Science of Programming},
        PUBLISHER = SP,
        YEAR = {1981}
}

@Book{GriswoldGriswold1996,
  author =	 {Ralph E. Griswold and Madge T. Griswold},
  title = 	 {The {Icon} Programming Language},
  publisher = 	 PH,
  year = 	 1996,
  edition =	 {3rd}
}

@Book{GroppHuss-LedermanLumsdaineLuskNitzbergSaphirSnir1998,
	author 	= 	{William Gropp and Steven Huss-Lederman and Andrew Lumsdaine and Ewing Lusk and Bill Nitzberg and William Saphir and Marc Snir},
	title 	= 	{{MPI} - The Complete Reference: Volume 2, The {MPI}-2 Extensions},
	publisher 	= 	{MIT Press},
	year 	= 	1998,
	series = {Scientific and engineering computation},
	address 	= 	{Cambridge, MA, USA},
	area 	= 	"M",
	areaseq 	= 	0,
}

@Book{Gudenberg1996,
  author =	 {J{\"u}rgen Wolff von Gudenberg},
  title = 	 {Algorithmen -- Datenstrukturen -- Funktionale Programmierung -- Eine praktische Einf{\"u}hrung mit Caml-Light},
  publisher = 	 AW,
  year = 	 1996
}

@BOOK{Gunter1992,
        AUTHOR = {Carl Gunter},
        TITLE = {Semantics of Programming Languages: Structures and Techniques},
        PUBLISHER = MIT,
        YEAR = 1992,
        SERIES = {Foundations of Computing},
        ADDRESS = {Cambridge, MA},
        ISBN = {0-262-57095-5}
}

@BOOK{GunterMitchell1994,
        EDITOR = "Carl A. Gunter and John C. Mitchell",
        TITLE = "Theoretical Aspects of Object-Oriented Programming:
         Types, Semantics, and Language Design",
        BookTITLE = "Theoretical Aspects of Object-Oriented Programming:
         Types, Semantics, and Language Design",
        YEAR = "1994",
        PUBLISHER = "The {MIT} Press"
}

@Book{HailperinKaiserKnight1999,
  author =	 {Max Hailperin and Barbara Kaiser and Karl Knight},
  title = 	 {Concrete Abstractions},
  publisher = 	 {Brooks/Cole},
  year = 	 1999
}


@Book{Halmos1969,
  author =	 {P Halmos},
  title = 	 {Naive Mengenlehre},
  publisher = 	 {Vandenhoeck \& Ruprecht},
  year = 	 1969,
  address =	 {G{\"o}ttingen}
}


@BOOK{Harrison1978,
        AUTHOR = {Michael A. Harrison},
        TITLE = {Introduction to Formal Language Theory},
        PUBLISHER = {Addison Wesley},
        YEAR = 1978,
        ADDRESS = {Reading, MA}
}

@BOOK{Henderson1980,
        AUTHOR = "Peter Henderson",
        TITLE = "Functional Programming: Application and Implementation",
        PUBLISHER = PH,
        YEAR = "1980"
}

@BOOK{Hennessy1991,
  author =       "Matthew Hennessy",
  title =        "The Semantics of Programming Languages: An
                    Elementary Introduction Using Structured
                                    Operational Semantics",
  publisher =    "John Wiley and Sons",
  year =         1991,
  address =      "New York"
}

@BOOK{Henson1987,
        AUTHOR = {Martin C. Henson},
        TITLE = {Elements of Functional Languages},
        PUBLISHER = {Blackwell Scientific Publications},
        YEAR = {1987}
}

@BOOK{HindleySeldin1986,
        AUTHOR = {J. R. Hindley and J. P. Seldin},
        TITLE = {Introduction to Combinators and $\lambda$-Calculus},
        PUBLISHER = {Cambridge University Press},
        YEAR = 1986,
        VOLUME = {1},
        SERIES = {Mathematical Sciences Student Texts},
        ADDRESS = {London}
}

@BOOK{Hinze1991,
        AUTHOR = {Ralf Hinze},
        TITLE = {Einf{\"u}hrung in die funktionale Programmierung mit {Miranda}},
        PUBLISHER = {Teubner Verlag},
        YEAR = 1991
}

@Book{Hoare1985,
   AUTHOR = {C. A. R. Hoare},
   TITLE = "Communicating Sequential Processes",
   PUBLISHER = {Prentice-Hall},
   ADDRESS = {Englewood Cliffs, New Jersey},
   YEAR = 1985
}

@Book{Hoelldobler1989,
  author =	 {Stefan H{\"o}lldobler},
  title = 	 {Foundations of Equational Logic Programming},
  publisher = 	 SV,
  year = 	 1989,
  number =	 353,
  series =	 LNCS
}


@Book{Hofstadter1979,
  author =	 {Douglas R. Hofstadter},
  title = 	 {{G{\"o}del}, {Escher}, {Bach}: An Eternal Golden Braid},
  publisher = 	 {Basic Books},
  year = 	 1979,
  address =	 {New York}
}

@Book{HomerSussman2002,
  author =	 {Alex Homer and Dave Sussman},
  title = 	 {Professional ASP.NET 1.0},
  publisher = 	 {Wrox Press Inc},
  year = 	 2002,
  edition =	 2
}

@BOOK{HopcroftMotwaniUllman2006,
 author = "John E. Hopcroft and Rajeev Motwani and Jeffrey D. Ullman",
 title = "Introduction to Automata Theory, Languages, and Computation",
 publisher = "Addison Wesley",
 year = "2006",
 edition = "third",
}

@BOOK{HopcroftUllman1979,
        author  = "John E. Hopcroft and Jeffrey D. Ullman",
        title   = "Introduction to automata theory, languages and computation",
        publisher = "Addison-Wesley",
        year    = 1979
}

@BOOK{HorebeekLevi1989,
        AUTHOR = "I. V. Horebeek and J. Levi",
        TITLE = "Algebraic Specifications in Software Engineering: An Introduction",
        PUBLISHER = SP,
        YEAR = "1989"
}


@Book{Hudak2000,
  author =	 {Paul Hudak},
  title = 	 {The {Haskell} School of Expression: Learning Functional Programming Through Multimedia},
  publisher = 	 {Cambridge University Press},
  year = 	 2000
}

@BOOK{HudakPeytonJonesWadler1991,
        oldkey = "haskell1.1",
        EDITOR = {Paul Hudak and Simon L. {Peyton Jones} and Philip Wadler},
        TITLE = {Report on the Functional Programming Language {Haskell}, a Non-strict Purely Functional Language (Version 1.1)},
        PUBLISHER = {Department of Computer Science, Yale University},
        MONTH = aug,
        YEAR = {1991},
        NOTE = {Technical Report YALEU/DCS/RR777}
}

@BOOK{HudakWadler1988,
        EDITOR = {Paul Hudak and Philip Wadler},
        TITLE = {Report on the Functional Programming Language {Haskell}},
        PUBLISHER = {Department of Computer Science, Yale University},
        YEAR = {1988},
        NOTE = {Technical Report YALEU/DCS/RR656}
}

@BOOK{Huet1990,
        EDITOR = {Gérard Huet},
        TITLE = {Logical Foundations of Functional Programming},
        BOOKTITLE = {Logical Foundations of Functional Programming},
        PUBLISHER = AW,
        YEAR = 1990,
        ISBN = {ISBN 0-201-17234-8}
}

@Book{IserlesPowell1987,
  editor =	 {A. Iserles and M.J.D. Powell},
  title = 	 {The State of the Art in Numerical Analysis},
  booktitle = 	 {The State of the Art in Numerical Analysis},
  publisher = 	 {Clarendon Press},
  year = 	 1987
}

@Book{Jacobson1989,
  author =	 {Nathan Jacobson},
  title = 	 {Basic Algebra},
  publisher = 	 {W.H.\ Freeman and Co.},
  year = 	 1989,
  volume =	 {II},
  address =	 {New York}
}

@Book{Jacobson1993,
  author = {Ivar Jacobson},
  title = {Object-Oriented Software Engineering},
  publisher = AW,
  year = 1993,
  note = {Revised printing}
}

@BOOK{JeuringMeijer1995,
  author =       "Johan Jeuring and Erik Meijer",
  title =        "Advanced Functional Programming",
  booktitle =    "Advanced Functional Programming",
  publisher =    SP,
  year =         1995,
  volume =       925,
  series =       "Lecture Notes in Computer Science",
  month =        may,
  annote =       "First International Spring School on Advanced
  Functional Programming Techniques, B{\aa}stad, Sweden"
}

@book{Jones1986,
 author = {Jones, Geraint},
 title = {Programming in {Occam}},
 year = 1986,
 isbn = {0-137-29773-4},
 publisher = {Prentice Hall International (UK) Ltd.},
 address = {Hertfordshire, UK, UK},
}

@Book{Jones1994,
  author =	 {Mark P. Jones},
  title = 	 {Qualified Types: Theory and Practice},
  publisher = 	 {Cambridge University Press, Cambridge, UK},
  year = 	 1994,
  annote =	 {Distinguished Dissertation in Computer Science}
}

@BOOK{JonesGomardSestoft1993,
        AUTHOR = {Neil Jones and Carsten Gomard and Peter Sestoft},
        TITLE = {Partial Evaluation and Automatic Program Generation},
        PUBLISHER = PH,
        YEAR = 1993,
        ISBN = {0-13-020249-5},
	URL = {http://www.dina.kvl.dk/~sestoft/pebook/pebook.html}
}

@Book{JonesLins1996,
  author =	 {Richard Jones and Rafael Lins},
  title = 	 {Garbage Collection},
  publisher = 	 {John Wiley \& Sons},
  year = 	 1996
}

@Book{JonesLins1999,
  author =	 {Richard Jones and Rafael Lins},
  title = 	 {Garbage Collection},
  publisher = 	 {John Wiley \& Sons},
  year = 	 1999
}

@BOOK{Kamin1990,
  author =       "Samuel Kamin",
  title =        "Programming Languages: An Interpreter-Based Approach",
  publisher =    AW,
  year =         1990,
  address =      "Reading, MA"
}

@Book{KaneHeinrich1991,
  author =	 {Gerry Kane and Joe Heinrich},
  title = 	 {Mips Risc Architecture},
  publisher = 	 {Prentice Hall},
  year = 	 1991,
  ISBN =	 0135904722
}


@BOOK{KernighanRitchie1977,
        AUTHOR = {Brian W. Kernighan and Dennis M. Ritchie},
        TITLE = {The C Programming Language},
        PUBLISHER = {Prentice-Hall},
        YEAR = {1977}
}

@BOOK{KernighanRitchie1988,  
  author =       {Brian W. Kernighan and Dennis M. Ritchie},
  title =        {The {C} Programming Language},
  publisher =    {Prentice-Hall},
  note = {2nd edition},
  year =         {1988},
}

@BOOK{Klaeren1983,
        author={Herbert Klaeren},
        title={Algebraische {Spezifikation} --- {Eine} {Einf{\"u}hrung}},
        publisher=SP,
        series={Lehrbuch Informatik},
        year=1983,
        address={Berlin-Heidelberg-New York}}

@BOOK{Klaeren1990,
        author={Herbert Klaeren},
        title={Efficient Implementation of a Functional Programming
        Language},
        publisher=SP,
        note={(in preparation)},
        year=1991}

@BOOK{Klaeren1990-problem,
        AUTHOR = "Herbert Klaeren",
        TITLE = "{Vom Problem zum Programm}",
        PUBLISHER = "Teubner",
        ADDRESS= {Stuttgart},
        YEAR = "1990"
}

@BOOK{KlaerenSperber2001,
        AUTHOR = "Herbert Klaeren and Michael Sperber",
        TITLE = "{Vom Problem zum Programm}",
        PUBLISHER = "Teubner",
        ADDRESS= {Stuttgart},
        EDITION = "3rd",
        YEAR = "2001"
}

@Book{KlaerenSperber2007,
  author = {Herbert Klaeren and Michael Sperber},
  title =  {{Die Macht der Abstraktion}},
  publisher = {Teubner Verlag},
  edition = {1st},
  year = 2007
}

@BOOK{Kleene1952,
  author =       "S. C. Kleene",
  title =        "Introduction to Meta-Mathematics",
  publisher =    "North Holland Publishing Co.",
  year =         1952,
  address =      "Amsterdam, The Netherlands"
}

@BOOK{Knuth1968,
        AUTHOR = "Donald E. Knuth",
        TITLE = "Fundamental Algorithms",
        PUBLISHER = "Addison-Wesley",
        YEAR = "1968",
        VOLUME = "1",
        SERIES = "The Art of Computer Programming",
        ADDRESS = "Reading, MA",
        EDITION = "2nd"
}

@BOOK{Knuth1992,
        AUTHOR = {Donald E. Knuth},
        TITLE = {Literate Programming},
        PUBLISHER = {Center for the Study of Language and Information, Stanford University},
        YEAR = 1992,
        ISBN = {ISBN 0-937073-80-6 (pbk)}
}

@BOOK{Kreowski1991,
        AUTHOR = {Hans-J{\"o}rg Kreowski},
        TITLE = {Logische Grundlagen der Informatik},
        PUBLISHER = {Oldenbourg},
        YEAR = 1991,
        VOLUME = {1.1},
        SERIES = {Handbuch der Informatik},
        ADDRESS = {M{\"u}nchen}
}

@book{KuichSalomaa1986,
 author = {Werner Kuich and Arto Salomaa},
 title = {Semirings, automata, languages},
 year = {1986},
 isbn = {3-540-13716-5},
 publisher = SV,
 address = {London, UK},
 }

@BOOK{Lamport1985,
  author =       "Leslie Lamport",
  title =        "{\LaTeX}, A Document Preparation System",
  publisher =    AW,
  year =         1985
}

@Book{LangeOshima1998,
  author =	 {Danny B. Lange and Mitsuru Oshima},
  title = 	 {Programming and Deploying {Java} Mobile Agents With {Aglets}},
  publisher = 	 {Peachpit Press},
  year = 	 1998,
  month =	 aug,
  isbn =	 0201325829
}

@book{LarusRajwar2007,
 author = {Larus, Jim and Rajwar, Ravi},
 title = {Transactional Memory (Synthesis Lectures on Computer Architecture)},
 year = 2007,
 isbn = 1598291246,
 publisher = {Morgan \& Claypool Publishers},
 }

@BOOK{LassezPlotkin1991,
    editor    = "Lassez, Jean-Louis; Plotkin, Gordon",
    title     = "Computational Logic. Essays in Honor of Alan Robinson",
    year      = 1991,
    publisher = "The MIT Press"
}                             

@BOOK{Launchbury1991,
        AUTHOR = {John Launchbury},
        TITLE = {Projection Factorisations in Partial Evaluation},
        PUBLISHER = {Cambridge University Press},
        YEAR = 1991,
        VOLUME = {1},
        SERIES = {Distinguished Dissertations in Computer Science}
}

@BOOK{Lee1989,
  author =       {Lee, Peter},
  title =        "Realistic Compiler Generation",
  publisher =    "MIT Press",
  year =         1989,
  address =      "Cambridge, MA"
}

@BOOK{Lee1991,
        AUTHOR       = {Lee, Peter} ,
        TITLE        = {Topics in Advanced Language Implementation} ,
        YEAR         = 1991 ,
        PUBLISHER    = {MIT Pr., Cambridge, Mass. u.a.} ,
        ISBN         = {0-262-12151-4} ,
}

@BOOK{Leermakers1993,
        AUTHOR = {Rene Leermakers},
        TITLE = {The Functional Treatment of Parsing},
        PUBLISHER = {Kluwer Academic Publishers},
        YEAR = 1993,
        ADDRESS = {Boston}
}

@Book{LeufCunningham1999,
  author =	 {Leuf, Bo and Cunningham, Ward},
  title = 	 {The Wiki Way: Quick Collaboration on the Web},
  publisher = 	 {Addison-Wesley},
  year = 	 1999
}

@BOOK{Lewine1994,
	author    = {Lewine, Donald. A},
	title     = {POSIX Programmer's Guide},
        year      = 1994,
        publisher = {O'Reilly \& Associates, Inc.},
        isbn      = {0-937175-73-0}
}

@Book{Lieberherr1996,
  author =	 {Karl J. Lieberherr},
  title = 	 {Adaptive Object-Oriented Software: The Demeter Method with Propagation Patterns},
  publisher = 	 {PWS Publishing Company, Boston},
  year = 	 1996,
  isbn =	 {0-534-94692-X}
}

@Book{LindholmYellin1996,
  author =	 {Tim Lindholm and Frank Yellin},
  title = 	 {The {Java} Virtual Machine Specification},
  publisher = 	 AW,
  year = 	 1996
}

@Book{LindholmYellin1999,
  author =	 {Tim Lindholm and Frank Yellin},
  title = 	 {The {Java} Virtual Machine Specification},
  publisher = 	 AW,
  year = 	 1999,
  edition =	 {Second}
}

@BOOK{Liskov1981,
        author  = "Barbara Liskov",
        furtherauthors = "Russell Atkinson and Toby Bloom and J. Craig Schaffert and Robert Scheifler and Alan Snyder",
        title   = "{CLU} reference manual",
        publisher="Springer Verlag",
        note    = "LNCS 114",
        year    = 1981
}

@BOOK{LiskovGuttag1986,
        author  = "Barbara Liskov and John Guttag",
        title   = "Abstraction and Specification in Program Development",
        publisher="McGraw-Hill",
        year    = 1986
}

@BOOK{Liu1968,
        author  = "Liu",
        title   = "Introduction to Combinatorial Mathematics",
        publisher = "McGraw-Hill",
        address = "New York",
        year    = 1968
}

@BOOK{Loogen1990,
        POINTER      = {Bib.d.Info. D.3.4},
        YEAR         = {1990},
        TITLE        = {{Parallele Implementierung funktionaler Programmiersprachen}},
        PUBLISHER    = SP#{, Berlin; Heidelberg},
        AUTHOR       = {Rita Loogen},
        SERIES       = {Informatik-Fachberichte},
        ISBN         = {3-540-52049-X}
}

@book{Lynch1996,
      AUTHOR      = {Lynch, Nancy A.},
      TITLE       = {Distributed Algorithms},
      YEAR        = {1996},
      PUBLISHER   = {Morgan Kaufmann},
      SERIES      = {},
 }

@BOOK{MacLane1971,
        AUTHOR = {Saunders {Mac Lane}},
        TITLE = {Categories for the Working Mathematician},
        PUBLISHER = SP,
        YEAR = 1971
}
                
@BOOK{MacLennan1989,
        AUTHOR = {Bruce J. MacLennan},
        TITLE = {Functional Programming: Practice and Theory},
        PUBLISHER = AW,
        YEAR = {1989}
}

@Book{MadsenMoellerPedersenNygaard1993,
  author = {Ole Lehrmann Madsen and Birger Møller-Pedersen and Kristen Nygaard},
  title = {Object-Oriented Programming in the {BETA} Programming Language},
  publisher = {Addison-Wesley},
  year = 1993
}

@Book{Marlin1980,
 author= {Christopher D. Marlin},
 title = {Coroutines: a programming methodology, a language design and an implementation},
 publisher = {Springer},
 year = 1980
}

@Book{MarriottStuckey1998,
  author =	 {Kim Marriott and Peter J. Stuckey},
  ALTeditor = 	 {},
  title = 	 {Programming with constraints: an introduction},
  publisher = 	 MIT,
  year = 	 1998
}

@Book{MartinLoef1984,
  author = 	 "Per Martin-L{\"o}f",
  title = 	 "Intuitionistic Type Theory",
  publisher = 	 "Bibliopolis",
  year = 	 1984,
  address =	 "Napoli"
}

@Book{Merz1999,
  author =	 {Michael Merz},
  title = 	 {Electronic Commerce. Marktmodelle,
                  Anwendungen und Technologien},
  publisher = 	 {dpunkt-Verlag},
  year = 	 1999,
  address =	 {Heidelberg}
}

@BOOK{Meyer1988,
  author =       "Bertrand Meyer",
  title =        "Object-Oriented Software Construction",
  publisher =    PH,
  year =         "1988",
}

@BOOK{Meyer1992Eiffel,
  author =       "Bertrand Meyer",
  title =        "Eiffel: The Language",
  publisher =    PH,
  year =         "1992",
}

@Book{Meyer1997,
  author =	 {Bertrand Meyer},
  title = 	 {Object-Oriented Software Construction},
  publisher = 	 PH,
  year = 	 1997,
  edition =	 {2nd},
  address = {Upper Saddle River, NJ, USA}
}

@BOOK{Michaelson1989,
        AUTHOR = {Greg Michaelson},
        TITLE = {An Introduction to Functional Programming Through Lambda Calculus},
        PUBLISHER = AW,
        YEAR = 1989
}

@BOOK{Milner1989,
        AUTHOR = {Robin Milner},
        TITLE = {Communication and Concurrency},
        PUBLISHER = {Prentice Hall, Englewood Cliffs, NJ},
        YEAR = 1989
}

@BOOK{MilnerTofte1991,
        AUTHOR = {Robin Milner and Mads Tofte},
        TITLE = {Commentary on Standard {ML}},
        PUBLISHER = MIT,
        YEAR = 1991,
        ISBN = {ISBN 0-262-13271-0, ISBN 0-262-63137-7 PB}
}

@BOOK{MilnerTofteHarper1990,
        AUTHOR = {Robin Milner and Mads Tofte and Robert Harper},
        TITLE = {The Definition of Standard {ML}},
        PUBLISHER = MIT,
        YEAR = 1990,
        ISBN = {ISBN 0-262-13255-9, ISBN 0-262-63132-6 PB}
}

@BOOK{MilnerTofteHarperMacQueen1997,
  author =       "Robin Milner and Mads Tofte and Robert Harper and Dave MacQueen",
  title =        "The Definition of Standard {ML} (Revised)",
  publisher =    "MIT Press",
  year =         1997,
  annote =       "114 p",
  isbn =         "ISBN 0-262-63181-4"
}

@BOOK{Mitchell1996,
  author =       "John Mitchell",
  title =        "Foundations for Programming Languages",
  publisher =    "MIT Press",
  year =         1996
}

@BOOK{Moessenboeck1993,
        AUTHOR = {Hans Peter M{\"o}ssenb{\"o}ck},
        TITLE = {Object-Oriented Programming in {Oberon-2}},
        PUBLISHER = SP,
        YEAR = 1993
}

@Book{Monson-Haefel2004,
  author =	 {Richard Monson-Haefel},
  title = 	 {Enterprise {JavaBeans}},
  publisher = 	 {O'Reilly},
  year = 	 2004,
  edition =	 {Fourth}
}

@Book{Muchnick1997,
  author =	 {Steven S. Muchnick},
  title = 	 {Advanced Compiler Design and Implementation},
  publisher = 	 {Morgan Kaufmann Publishers},
  year = 	 1997,
  isbn =	 {1-55860-320-4},
  address =	 {San Francisco, California}
}

@BOOK{Mullender1993,
  title =        "Distributed Systems",
  publisher =    AW,
  year =         1993,
  editor =       "S. Mullender",
  address =      "Reading, MA"
}

@book{Myers2004,
 author = {Myers, Glenford J. and Sandler, Corey},
 title = {The Art of Software Testing},
 year = {2004},
 isbn = {0471469122},
 publisher = {John Wiley \& Sons},
 }

@Book{NaftalinWadler2006,
  author =	 {Maurice Naftalin and Philip Wadler},
  title = 	 {Java Generics and Collections},
  publisher = 	 {O'Reilly},
  year = 	 2006
}

@BOOK{Naur1960,
        EDITOR = {Peter Naur},
        TITLE = {Revised Report on The Algorithmic Language ALGOL 60},
        PUBLISHER = {Regnecentralen},
        YEAR = {1960},
        ADDRESS = {Copenhagen}
}

@BOOK{NielsonNielson1992,
  author =       "Flemming Nielson and Hanne Riis Nielson",
  title =        "Two-Level Functional Languages",
  publisher =    "Cambridge University Press",
  year =         1992,
  volume =       34,
  series =       "Cambridge Tracts in Theoretical Computer Science"
}

@BOOK{NielsonNielson1992-semantics,
        AUTHOR = {Hanne Riis Nielson and Flemming Nielson},
        TITLE = {Semantics with Applications},
        PUBLISHER = {John Wiley \& Sons},
        YEAR = 1992
}

@BOOK{NielsonNielsonHankin1999,  
  author =       "Flemming Nielson and Hanne Riis Nielson and Chris Hankin", 
  title =        "Principles of Program Analysis",
  publisher =    "Springer Verlag",
  year =         1999
}

@BOOK{NielsonNielsonHankin2005,  
  author =       {Flemming Nielson and Hanne Riis Nielson and Chris Hankin}, 
  title =        {Principles of Program Analysis},
  publisher =    {Springer Verlag},
  year =         {2005},
  edition =      {2nd corrected printing}
}

@Book{NordstromPeterssonSmith1990,
  author =       "Bengt Nordstr{\"o}m and Kent Petersson and Jan M.
                 Smith",
  title =        "Programming in Martin-{L}{\"o}f Type Theory. An
                 Introduction",
  publisher =    "Oxford University Press",
  year =         "1990",
  cr =           "9107-0496",
}

@Book{Nye1992-Xlib,
  author =	 {Adrian Nye},
  title = 	 {{Xlib} Reference Manual},
  publisher = 	 {O'Reilly},
  year = 	 1992,
  volume =	 2,
  series =	 {The Definitive Guides to the {X} Window System},
  month =	 jun
}

@BOOK{OberschelpVossen1986,
        AUTHOR = {Wolfgang Oberschelp and Gottfried Vossen},
        TITLE = {Rechneraufbau und Rechnerstrukturen},
        PUBLISHER = {R. Oldenbourg Verlag},
        YEAR = {1986}
}
		  
@Book{Oestereich1999,
  author =	 {Bernd Oestereich},
  title = 	 {Developing Software with {UML}},
  publisher = 	 AW,
  year = 	 1999,
  ISBN =	{0-201-39826-5}
}
		  
@Book{Okasaki1998,
  author =	 {Chris Okasaki},
  title = 	 {Purely Functional Data Structures},
  publisher = 	 {Cambridge University Press},
  year = 	 1998
}

@BOOK{Organick1972,
        AUTHOR       = {Organick, Elliott I.} ,
        TITLE        = {The {Multics} System: an Examination of its Structure} ,
        YEAR         = 1972,
        PUBLISHER    = {MIT Pr., Cambridge, Mass. u.a.} ,
        SERIES       = {} ,
        VOLUME       = {} ,
        ISBN         = {} ,
        ISSN         = {} ,
        REPORT       = {} ,
        POINTER      = {Bib.d.Info. D.4.0},
        CATEGORY     = {} ,
        KEYWORDS     = {} ,
        ENTRY        = {es} ,
        ABSTRACT     = {}
}

@Book{Ousterhout1994,
  author =	 {J. K. Ousterhout},
  title = 	 {{Tcl} and the {Tk} Toolkit},
  publisher = 	 AW,
  year = 	 1994
}

@BOOK{Paepke1993,
  editor =       "A. Paepke",
  title =        "Object-Oriented Programming --- The {CLOS} Perspective",
  booktitle =    "Object-Oriented Programming --- The {CLOS} Perspective",
  publisher =    "MIT Press",
  year =         1993
}

@BOOK{Pagan1991,
        AUTHOR = {Frank L. Pagan},
        TITLE = {Partial Computation and the Construction of Language Processors},
        PUBLISHER = PH,
        YEAR = 1991
}

@BOOK{PalsbergSchwartzbach1994book,
      AUTHOR = {Jens Palsberg and Michael I. Schwartzbach.},
        TITLE = {Object-Oriented Type Systems},
        PUBLISHER = {John Wiley and Sons},
        YEAR = 1994
}

@BOOK{Partsch1990,
        AUTHOR       = {Partsch, Helmut A.} ,
        TITLE        = {Specification and Transformation of Programs: a Formal Approach to Software Development} ,
        YEAR         = {1990} ,
        PUBLISHER    = SP ,
        ISBN         = {3-540-52356-1} ,
        POINTER      = {Bib.d.Info. I.2.2},
        ENTRY        = {es}
}

@BOOK{Paulson1991,
        AUTHOR = {Lawrence C. Paulson},
        TITLE = {{ML} for the Working Programmer},
        PUBLISHER = {Cambridge University Press},
        YEAR = 1991
}

@BOOK{Paulson1996,
  author =       {Lawrence C. Paulson},
  title =        "{ML} for the Working Programmer",
  publisher =    "Cambridge University Press",
  year =         1996,
  note =         "2nd edition"
}

@Book{Peek1995,
  author =	 {Jerry Peek},
  title = 	 {MH \& xmh: Email for Users \& Programmers},
  publisher = 	 {O'Reilly \& Associates, Inc},
  year = 	 1995,
  note =	 {Available at \url{http://www.ics.uci.edu/~mh/book/}}
}

@BOOK{PeytonJones1987,
        AUTHOR = "Simon L. {Peyton Jones}",
        TITLE = "The Implementation of Functional Programming Languages",
        BOOKTITLE = "The Implementation of Functional Programming Languages",
        PUBLISHER = PH,
        YEAR = 1987
}

@Book{PeytonJones2003,
  editor =	 {Simon {Peyton Jones}},
  title = 	 {Haskell 98 Language and Libraries, The Revised Report},
  publisher = 	 {Cambridge University Press},
  year = 	 2003,
  ISBN = 	 {ISBN-13: 9780521826143 | ISBN-10: 0521826144}
}



@BOOK{PeytonJonesLester1992,
        AUTHOR = {Simon L. {Peyton Jones} and David R. Lester},
        TITLE = {Implementing Functional Languages},
        PUBLISHER = PH,
        YEAR = 1992
}

@BOOK{Pfenning1992,
        EDITOR = {Frank Pfenning},
        TITLE = {Types in Logic Programming},
        PUBLISHER = {MIT Press},
        YEAR = 1992,
        ADDRESS = {Cambridge, Massachusetts}
}

@Book{Pfleeger1998,
  author =	 {Shari Lawrence Pfleeger},
  title = 	 {Software Engineering, Theory and Practice},
  publisher = 	 PH,
  year = 	 1998,
  ISBN = 	 {0-13-624842-X}
}

@BOOK{Pierce1991,
  author =       {Pierce, Benjamin C.},
  title =        {Basic category theory for computer scientists },
  publisher =    MIT,
  year =         {1991},
  isbn =         "0-262-66071-7"
}



@Book{Pierce2002-tpl,
  author =	 {Pierce, Benjamin C.},
  title = 	 {Types and Programming Languages},
  publisher = 	 {MIT Press},
  year = 	 2002
}

@Book{Pierce2005-attapl,
  editor =	 {Pierce, Benjamin C.},
  title = 	 {Advanced Topics in Types and Programming Languages},
  booktitle = 	 {Advanced Topics in Types and Programming Languages},
  publisher = 	 {MIT Press},
  year = 	 2005
}

@Book{PilatoCollins-SussmanFitzpatrick2008,
  author =	 {C. Michael Pilato and Ben Collins-Sussman and Brian W. Fitzpatrick},
  title = 	 {Version Control with Subversion},
  publisher = 	 {O'Reilly Media, Inc.},
  year = 	 2008
}


@BOOK{PittmanPeters1992 ,
        AUTHOR       = {Pittman, Thomas and Peters, James} ,
        TITLE        = {{The art of compiler design : theory and practice }} ,
        YEAR         = 1992 ,
        PUBLISHER    = {Prentice Hall, Englewood Cliffs, NJ} ,
        SERIES       = {} ,
        VOLUME       = {} ,
        ISBN         = {0-13-048190-4} ,
        ISSN         = {} ,
        REPORT       = {} ,
        POINTER      = {Bib.d.Info. D.3.4},
        CATEGORY     = {} ,
        KEYWORDS     = {} ,
        ENTRY        = {es} ,
        ABSTRACT     = {}
}

@BOOK{PlasmeijerVanEekelen1993,
        AUTHOR = {Rinus Plasmeijer and Marko {van Eekelen}},
        TITLE = {Functional Programming and Parallel Graph Rewriting},
        PUBLISHER = AW,
        YEAR = 1993,
        SERIES = {International Computer Science Series},
        ISBN = {ISBN 0-201-41663-8},
        KEYWORDS = {application, introduction, graph rewriting}
}

@Book{PlotkinStirlingTofte2000,
  author =	 {Gordon Plotkin, Colin Stirling, and Mads Tofte},
  booktitle = 	 {Proof, Language, and Interaction: Essays in Honour of Robin Milner},
  title = {Proof, Language, and Interaction: Essays in Honour of Robin Milner},
  publisher = 	 MIT,
  year = 	 2000
}

@Book{Pree1995,
  author =	 {Wolfgang Pree},
  title = 	 {Design Patterns for Object-Oriented Software Development  },
  publisher = 	 AW,
  year = 	 1995
}

@Book{Pree1996,
  author =	 {Wolfgang Pree},
  title = 	 {Framework Patterns},
  publisher = 	 {SIGS Books, New York City},
  year = 	 1996,
  annote =	 {does not appear in the electronic catalogue}
}

@Book{Quatrani1997,
  author =	 {Terry Quatrani},
  title = 	 {Visual Modeling with Rational Rose and UML},
  publisher = 	 AW,
  year = 	 1997,
  annote =	 {ISBN 0-201-31016-3}
}

@Book{Queinnec1994,
  author =	 {Christian Queinnec},
  title = 	 {Lisp in Small Pieces},
  publisher = 	 {Cambridge University Press},
  year = 	 1994
}

@Book{R6RS-cup,
  editor =	 {Michael Sperber and R. Kent Dybvig and Matthew Flatt and Anton van Straaten},
  title = 	 {Revised[6] Report on the Algorithmic Language Scheme},
  publisher = 	 CUP,
  year = 	 2010
}

@Book{Ramakrishnan1997,
  author =	 {R. Ramakrishnan},
  title = 	 {Database Management Systems},
  publisher = 	 {McGraw-Hill},
  year = 	 1997
}

@Book{Raymond1996,
  editor =	 {Eric S. Raymond},
  title = 	 {The New Hacker's Dictionary},
  publisher = 	 {MIT Press},
  year = 	 1996,
  edition =	 {3rd},
  month =	 nov
}

@book{Raymond2001,
 author = {Eric S. Raymond},
 ignorenote = {Foreword By-Bob Young},
 title = {The  Cathedral and the Bazaar: Musings on Linux and Open Source by an Accidental Revolutionary},
 year = 2001,
 isbn = 0596001088,
 publisher = {O'Reilly \& Associates, Inc.},
 address = {Sebastopol, CA, USA},
}

@BOOK{Reade1989,
        AUTHOR = {Chris Reade},
        TITLE = {Elements of Functional Programming},
        PUBLISHER = AW,
        YEAR = 1989
}

@BOOK{RechenbergMoessenboeck1988,
        AUTHOR = {P. Rechenberg and H. M{\"{o}}ssenb{\"{o}}ck},
        TITLE = {A Compiler Generator for Microcomputers},
        PUBLISHER = {Prentice Hall},
        YEAR = {1988}
}

@Book{Reppy1999,
  author =	 {John H. Reppy},
  title = 	 {Concurrent Programming in {ML}},
  publisher = 	 {Cambridge University Press},
  year = 	 1999
}

@Book{RepsTeitelbaum1989-manual,
  author =       "Thomas W. Reps and Tim Teitelbaum",
  title =        "The Synthesizer Generator Reference Manual",
  publisher =    "Springer-Verlag",
  year =         1989,
  abstract =     "The Synthesizer Generator is a system for automating
                 the implementation of language-based editing
                 environments. The editor designer prepares a
                 specification that includes rules defining a language's
                 context-free abstract syntax, context-sensitive
                 relationships, display format, and concrete input
                 syntax. From this specification, the Synthesizer
                 Generator creates a display editor for manipulating
                 objects according to these rules. This volume is
                 intended as the defining document of the system. A
                 companion volume, The Synthesizer Generator: A System
                 for Constructing Language-Based Editors, provides a
                 more tutorial description of the system.",
}

@Book{RepsTeitelbaum1989-tutorial,
  author =       "Thomas W. Reps and Tim Teitelbaum",
  title =        "The Synthesizer Generator: {A} System for Constructing
                 Language Based Editors",
  publisher =    "Springer-Verlag",
  year =         1989,
  abstract =     "The Synthesizer Generator is a system for automating
                 the implementation of language-based editing
                 environments. The editor designer prepares a
                 specification that includes rules defining a language's
                 context-free abstract syntax, context-sensitive
                 relationships, display format, and concrete input
                 syntax. From this specification, the Synthesizer
                 Generator creates a display editor for manipulating
                 objects according to these rules. This volume is
                 intended as the tutorial description of the system. A
                 companion volume, The Synthesizer Generator Reference
                 Manual, provides a defining document of the system.",
}

@BOOK{Reynolds1998-book,
        AUTHOR = {John C. Reynolds},
        TITLE = {Theories of Programming Languages},
        PUBLISHER =    "Cambridge University Press",
        YEAR =         1998
}

@Book{Rogers2009,
  author =	 {Rick Rogers},
  title = 	 {Android Application Development: Programming with the {Google SDK}},
  publisher = 	 {O'Reilly Media},
  year = 	 2009
}

@BOOK{RydeheardBurstall1988,
        AUTHOR = {D. E. Rydeheard and R. M. Burstall},
        TITLE = {Computational Category Theory},
        PUBLISHER = {Prentice Hall},
        YEAR = {1988}
}

@BOOK{Salomaa1969,
        AUTHOR = {Arto Salomaa},
        TITLE = {Theory of Automata},
        PUBLISHER = {Pergamon Press},
        YEAR = 1969,
        ADDRESS = {Oxford}
}

@BOOK{Salomaa1973,
        AUTHOR = {Arto Salomaa},
        TITLE = {Formal Languages},
        PUBLISHER = {Academic Press},
        YEAR = 1973,
        ADDRESS = {New York}
}

@Book{Sametinger1997,
  author = {Johannes Sametinger},
  title = {Software Engineering with Reusable Components},
  publisher = SP,
  year = 1997
}

@book{SangiorgiWalker2001,
    author       = {Davide Sangiorgi and David Walker},
    publisher    = CUP,
    title        = {The $\pi$-calculus. A Theory of Mobile Processes},
    year         = {2001},
}

@BOOK{Schmidt1986,
        AUTHOR = {David A. Schmidt},
        TITLE = {Denotational Semantics, A Methodology for Software Development},
        PUBLISHER = {Allyn and Bacon, Inc},
        YEAR = 1986,
        ADDRESS = {Massachusetts}
}

@BOOK{Schmidt1994,
  author =       {David A. Schmidt},
  title =        "The Structure of Typed Programming Languages",
  publisher =    MIT,
  year =         1994,
  series =       "Foundations of Computing",
  address =      "Cambridge, MA"
}

@book{Schwaber2004,
 author = {Schwaber, Ken},
 title = {Agile Project Management With Scrum},
 year = 2004,
 isbn = {073561993X},
 publisher = {Microsoft Press},
 address = {Redmond, WA, USA},
}

@BOOK{Sethi1989,
        AUTHOR = {Ravi Sethi},
        TITLE = {Programming Languages --- Concepts and Constructs},
        PUBLISHER = AW,
        YEAR = 1989
}

@Book{Shalit1997,
  author =	 {Andrew Shalit},
  title = 	 {The {Dylan} Reference Manual: The Definitive Guide to the New Object-Oriented Programming Language},
  publisher = 	 {Addison-Wesley, Reading, MA},
  year = 	 1997
}

@Book{ShawGarlan1996,
  author =	 {Mary Shaw and David Garlan},
  title = 	 {Software Architecture: Perspectives on an Emerging Discipline},
  publisher = 	 {Prentice Hall},
  year = 	 1996
}

@BOOK{ShriverWegner1987,
        EDITOR = {Bruce Shriver and Peter Wegner},
        TITLE = {Research Directions in Object-Oriented Programming},
        PUBLISHER = {MIT Press},
        YEAR = {1987},
        BOOKTITLE = {Research Directions in Object-Oriented Programming},
        ADDRESS = {Cambridge, MA}
}

@Book{SiekLeeLumsdaine2002,
  author = {Jeremy G. Siek and Lee-Quan Lee and Andrew Lumsdaine},
  title = {The Boost Graph Library: User Guide and Reference Manual},
  publisher = {Addison-Wesley},
  year = 2002,
}

@Book{SilberschatzKorthSudarshan1997,
  author =	 {A. Silberschatz and H. Korth and S. Sudarshan},
  title = 	 {Database System Concepts},
  publisher = 	 {McGraw-Hill},
  year = 	 1997,
  edition =	 {third}
}

@BOOK{SippuSoisalon-Soininen1988,
  author =       "Seppo Sippu and Eljas Soisalon-Soininen",
  title =        "Parsing Theory",
  publisher =    SV,
  year =         1988,
  volume =       "I (Languages and Parsing)",
  series =       "EATCS Monographs on Theoretical Computer Science",
  address =      "Berlin"
}

@BOOK{SippuSoisalon-Soininen1990,
  author =       "Seppo Sippu and Eljas Soisalon-Soininen",
  title =        "Parsing Theory",
  publisher =    SV,
  year =         1990,
  volume =       "II (LR(k) and LL(k) Parsing)",
  series =       "EATCS Monographs on Theoretical Computer Science",
  address =      "Berlin"
}

@BOOK{SleepPlasmeijerVanEekelen1993,
        oldkey = "SleepPlasmeijervanEekelen1993",
        EDITOR = {M. R. Sleep and M. J. Plasmeijer and M. C. J. D. {van Eekelen}},
        TITLE = {Term Graph Rewriting, Theory and Practice},
        BOOKTITLE = {Term Graph Rewriting, Theory and Practice},
        PUBLISHER = JW,
        YEAR = 1993
}

@BOOK{Smullyan1993,
        AUTHOR = {Raymond Smullyan},
        TITLE = {Satan, Cantor, and Infinity},
        PUBLISHER = {Oxford University Press},
        YEAR = 1993,
        ISBN = {ISBN 0-19-286161-1 PB}
}

@book{SnirOtto1998,
 author = {Marc Snir and Steve Otto},
 title = {MPI-The Complete Reference: The MPI Core},
 year = 1998,
 isbn = 0262692155,
 publisher = {MIT Press},
 address = {Cambridge, MA, USA},
 }


@BOOK{SpringerFriedman1989,
  author =      {George Springer
                and Daniel P. Friedman},
  title =       {Scheme and the Art of Programming},
  year =        1989,
  publisher =   {MIT Press and McGraw-Hill},
  keywords =    {scheme-art}
}


@BOOK{Stansifer1992,
  author =       "Ryan Stansifer",
  title =        "{ML} Primer",
  publisher =    PH,
  year =         1992,
  isbn =         "0-13-561721-9"
}

@BOOK{Steele1990,
        AUTHOR = {Guy Steele},
        TITLE = {Common {LISP}: The Language},
        PUBLISHER = {Digital Press},
        YEAR = 1990,
        EDITION = {2nd},
        ADDRESS = {Bedford, MA}
}

@BOOK{SterlingShapiro1986,
        AUTHOR = {L. Sterling and E. Shapiro},
        TITLE = {The Art of Prolog},
        PUBLISHER = {MIT Press},
        YEAR = {1986}
}

@BOOK{Stevens1990,
        AUTHOR = {W. Richard Stevens},
        TITLE = {UNIX Network Programming},
        PUBLISHER = {Prentice Hall Software Series},
        YEAR = {1990}
}

@BOOK{Stoy1977,
        AUTHOR = "Joseph Stoy",
        TITLE = "Denotational Semantics: The Scott-Strachey Approach to Programming Language Theory",
        PUBLISHER = "MIT Press",
        YEAR = "1977"
}

@BOOK{Stroustrup1992,
  author =       "Bjarne Stroustrup",
  title =        "The {C++} Programming Language",
  publisher =    AW,
  year =         1992,
  edition =      "2nd"
}

@Book{SymeGraniczCisternino2007,
  author =	 {Don Syme and Adam Granicz and Antonio Cisternino},
  title = 	 {Expert {F\#}},
  publisher = 	 {Apress},
  year = 	 2007,
  isbn = 	 {978-1590598504}
}

@BOOK{Szymanski1991,
        EDITOR = {Boleslaw K. Szymanski},
        TITLE = {Parallel Functional Languages and Compilers},
        PUBLISHER = {ACM Press},
        YEAR = 1991
}

@BOOK{Szyperski2002,
  author = {Clemens Szyperski},
  title = {Component Software},
  publisher = AW,
  year = 2002,
  edition = "2nd"
}

@Book{TaftDuffBrukardtPloederederLeroy2006,
  editor = {S. Tucker Taft and Robert A. Duff and Randall L. Brukardt and Erhard Ploedereder and Pascal Leroy},
  title = {{Ada} 2005 Reference Manual. Language and Standard Libraries},
  year = 2006,
  series = LNCS,
  volume = 4348,
  publisher = SP
}

@book{Taubenfeld2006,
 author = {Gadi Taubenfeld},
 title = {Synchronization Algorithms and Concurrent Programming},
 year = 2006,
 isbn = 0131972596,
 publisher = {Prentice-Hall, Inc.},
 address = {Upper Saddle River, NJ, USA},
 }

@BOOK{Terry1986,
        AUTHOR = {Patrick D. Terry},
        TITLE = {Programming Language Translation: a practical approach},
        PUBLISHER = AW,
        YEAR = {1986}
}

@BOOK{Thiemann1994-gfp,
        AUTHOR = {Peter Thiemann},
        TITLE = {Grundlagen der funktionalen Programmierung},
        PUBLISHER = {Teubner Verlag, Stuttgart},
        YEAR = 1994,
        ISBN = {3-519-02137-4}
}

@BOOK{Thompson1991,
        AUTHOR = {Simon Thompson},
        TITLE = {Type Theory and Functional Programming},
        PUBLISHER = AW,
        YEAR = 1991,
        ISBN = {0-201-41667-0},
        CLASSIFICATION = {D.1.1}
}
@BOOK{Tofte1990,
  semno =        "D-85",
  author =       "Mads Tofte",
  title =        "Compiler Generators---What They Can Do, What They
                 Might Do and What They Probably Never Do",
  publisher =    SP,
  year =         1990,
  volume =       19,
  month =        Mar,
  summary =      "Contains a description of the CERES Compiler Generator
                 and other systems. CERES was developed by Neil Jones
                 and Mads Tofte.",
  keywords =     "compiler generation, CERES",
  annote =	 "written at Dept. of Computer Science, University of
		    Nigeria, Nsukka, Nigeria"
}

@Book{Tomita1985,
  author =	 {M. Tomita},
  title = 	 {Efficient Parsing for Natural Languages},
  publisher = 	 {Kluwer Academic Publishers},
  year = 	 1985
}

@BOOK{TroelstraSchwichtenberg1996,
  author =       "A. S. Troelstra and H. Schwichtenberg",
  title =        "Basic Proof Theory",
  publisher =    "Cambridge University Press",
  year =         1996
}

@BOOK{Tucker1997,
        AUTHOR = {Allan B. Tucker},
        TITLE = "The Computer Science and Engineering Handbook",
        BOOKTITLE = "The Computer Science and Engineering Handbook",
        PUBLISHER = {CRC Press},
        YEAR = {1997},
	ISBM = {0-8493-2909-4}
}

@BOOK{TuckerZucker1988,
        AUTHOR = {J. V. Tucker and J. I. Zucker},
        TITLE = {Program correctness over abstract data types, with error state semantics},
        PUBLISHER = {North Holland},
        YEAR = {1988},
        ADDRESS = {Amsterdam}
}

@BOOK{Turner1990,
        OLDKEY = "YoP90",
        EDITOR = "David Turner",
        TITLE = "Research Topics in Functional Programming",
        BOOKTITLE = "Research Topics in Functional Programming",
        PUBLISHER = AW,
        YEAR = "1990",
}

@Book{USDoD1983,
  editor =	 {{United States Department of Defense}},
  title = 	 {Reference Manual for the Ada Programming Language},
  publisher = 	 {SV},
  year = 	 1983
}


@BOOK{Ullman1994,
  author =       "Jeffrey D. Ullman",
  title =        "Elements of {ML} Programming",
  publisher =    PH,
  year =         1994
}


@BOOK{VanLeeuwen1990-a,
        oldkey = "handbookoftcs-a",
  title =        "Handbook of Theoretical Computer Science---Algorithms and Complexity",
  booktitle =        "Handbook of Theoretical Computer Science---Algorithms
  and Complexity",
  publisher =    ESP,
  year =         1990,
  editor =       "Jan {van Leeuwen}",
  volume =       "A"
}

@BOOK{VanLeeuwen1990-b,
        oldkey = "handbookoftcs",
  title =        "Handbook of Theoretical Computer Science---Formal
  Models and Semantics",
  booktitle =        "Handbook of Theoretical Computer Science---Formal
  Models and Semantics",
  publisher =    ESP,
  year =         1990,
  editor =       "Jan {van Leeuwen}",
  volume =       {B},
  language =     "USenglish"
}

@Book{Vesperman2003,
  author =	 {Jennifer Vesperman},
  title = 	 {Essential CVS},
  publisher = 	 {O'Reilly Media, Inc.},
  year = 	 2003
}

@Book{Vlissides1998,
  author =	 {John Vlissides},
  title = 	 {Pattern Hatching: Design Patterns Applied},
  publisher = 	 AW,
  year = 	 1998
}

@Book{Wagenknecht2004,
  author =	 {Christian Wagenknecht},
  title = 	 {Programmierparadigmen},
  publisher = 	 {Teubner},
  year = 	 2004
}

@BOOK{WaiteGoos1984,
        AUTHOR = "William M. Waite and Gerhard Goos",
        TITLE = "Compiler Construction",
        PUBLISHER = SP,
        YEAR = "1984"
}
@Book{WallSchwartz1990,
  author =	 {Larry Wall and R. L. Schwartz},
  title = 	 {Programming {PERL}},
  publisher = 	 {O'Reilly {\&} Associates},
  year = 	 1990
}

@Book{WalrathCampione1999,
  author =	 {Mary Walrath and Mary Campione},
  title = 	 {The {JFC Swing} Tutorial},
  publisher = 	 AW,
  year = 	 1999
}

@book{WeikumVossen2001:_trans,
 author = {Weikum, Gerhard and Vossen, Gottfried},
 title = {Transactional information systems: theory, algorithms, and the practice of concurrency control and recovery},
 year = 2001,
 isbn = {1-55860-508-8},
 publisher = {Morgan Kaufmann Publishers Inc.},
 address = {San Francisco, CA, USA},
 }

@BOOK{Weinberg1971,
        author  = "Gerald M. Weinberg",
        title   = "The Psychology of Computer Programming",
        address = "New York",
        publisher="Van Nostrand Reinhold",
        year    = 1971
}

@Book{Wexelblat1981,
	TITLE = {History of Programming Languages},
	PUBLISHER = {Academic Press},
	YEAR = 1981,
	EDITOR = {Richard L. Wexelblat}
}

@Book{WhiteFisherCattellHamiltonHapner1999,
  author =	 {Seth White and Maydene Fisher and Rick Cattell and Graham Hamilton and Mark Hapner},
  title = 	 {{JDBC}(TM) {API} Tutorial and Reference: Universal Data Access for the {Java}(TM) 2 Platform},
  publisher = 	 aw,
  year = 	 1999,
  isbn =	 0201433281
}

@BOOK{Wikstroem1987,
        AUTHOR = "{\AA}ke Wikstr{\"o}m",
        TITLE = "Functional Programming Using Standard {ML}",
        PUBLISHER = PH,
        ISBN = "ISBN 0-13-331661-0",
        YEAR = "1987"
}

@BOOK{Wilensky1984,
        AUTHOR = {Robert Wilenski},
        TITLE = {LISPcraft},
        PUBLISHER = {W.\ W.\ Norton and Company},
        YEAR = {1984}
}

@BOOK{WilhelmMaurer1992,
        AUTHOR = "Reinhard Wilhelm and Dieter Maurer",
        TITLE = {{{\"U}bersetzerbau --- Theorie, Konstruktion, Generierung}},
        PUBLISHER = SP,
        YEAR = "1992",
        SERIES = "Lehrbuch",
        ADDRESS = "Berlin, Heidelberg",
        ISBN = "3-540-55704-0",
        PRICE = "78,--DM"
}

@BOOK{WilhelmMaurer1995,
  author =       "Reinhard Wilhelm and Dieter Maurer",
  title =        "Compiler Design",
  publisher =    AW,
  year =         1995
}


@BOOK{WilhelmMaurer1996,
        AUTHOR = "Reinhard Wilhelm and Dieter Maurer",
        TITLE = {{{\"U}bersetzerbau --- Theorie, Konstruktion, Generierung --- 2 Auflage}},
        PUBLISHER = SP,
        YEAR = "1996",
        SERIES = "Lehrbuch",
        ADDRESS = "Berlin, Heidelberg",
        ISBN = "3-540-61692-6",
        PRICE = "58,--DM"
}

@BOOK{Winskel1993,
  author =       "Glynn Winskel",
  title =        "The Formal Semantics of Programming Languages: An Introduction",
  publisher =    MIT,
  year =         1993
}

@BOOK{WirsingBergstra1989,
        EDITOR = "M. Wirsing and J. A. Bergstra",
        TITLE = "Algebraic Methods: Theory, Tools and Applications",
        PUBLISHER = SP,
        YEAR = "1989",
        VOLUME = "394",
        SERIES = "LNCS"
}

@BOOK{Wirth1982,
        AUTHOR = {Niklaus Wirth},
        TITLE = {Programming in Modula-2},
        PUBLISHER = SP,
        YEAR = {1982}
}

@BOOK{Wirth1986,
        AUTHOR = "Niklaus Wirth",
        TITLE = "Compilerbau",
        PUBLISHER = "Teubner",
        YEAR = "1986",
        EDITION = "4"
}

@Book{Wolfram1993,
  author =       "Wolfram, D. A.",
  title =        "The Clausal Theory of Types",
  publisher =    "Cambridge University Press",
  year =         1993,
  series =       "Cambridge tracts in Theoretical Computer Science",
  annote =       "204 references.",
}

@Book{Wolfram2003,
  author =	 {Stephen Wolfram},
  title = 	 {The {Mathematica} Book},
  publisher = 	 {Wolfram Media},
  year = 	 2003,
  edition =	 {5th}
}

@Book{Zeller2005,
  author =       "Andreas Zeller",
  title =        "Why Programs Fail. A Guide to Systematic Debugging",
  publisher =    "Morgan Kaufmann Publishers",
  year =         2005,
  edition =      {1st}
}
